@inproceedings{lomas2012explaining,
  title={Explaining robot actions},
  author={Lomas, Meghann and Chevalier, Robert and Cross II, Ernest Vincent and Garrett, Robert Christopher and Hoare, John and Kopack, Michael},
  booktitle={Proceedings of the seventh annual ACM/IEEE international conference on Human-Robot Interaction},
  pages={187--188},
  year={2012},
  organization={ACM}
}

@article{sung2016robobarista,
  title={Robobarista: Learning to Manipulate Novel Objects via Deep Multimodal Embedding},
  author={Sung, Jaeyong and Jin, Seok Hyun and Lenz, Ian and Saxena, Ashutosh},
  journal={arXiv preprint arXiv:1601.02705},
  year={2016}
}