@inproceedings{lomas2012explaining,
  title={Explaining robot actions},
  author={Lomas, Meghann and Chevalier, Robert and Cross II, Ernest Vincent and Garrett, Robert Christopher and Hoare, John and Kopack, Michael},
  booktitle={Proceedings of the seventh annual ACM/IEEE international conference on Human-Robot Interaction},
  pages={187--188},
  year={2012},
  organization={ACM}
}

@article{sung2016robobarista,
  title={Robobarista: Learning to Manipulate Novel Objects via Deep Multimodal Embedding},
  author={Sung, Jaeyong and Jin, Seok Hyun and Lenz, Ian and Saxena, Ashutosh},
  journal={arXiv preprint arXiv:1601.02705},
  year={2016}
}

@inproceedings{csurka2004visual,
  title={Visual categorization with bags of keypoints},
  author={Csurka, Gabriella and Dance, Christopher and Fan, Lixin and Willamowski, Jutta and Bray, C{\'e}dric},
  booktitle={Workshop on statistical learning in computer vision, ECCV},
  volume={1},
  number={1-22},
  pages={1--2},
  year={2004},
  organization={Prague}
}

@inproceedings{steder2010narf,
  title={NARF: 3D range image features for object recognition},
  author={Steder, Bastian and Rusu, Radu Bogdan and Konolige, Kurt and Burgard, Wolfram},
  booktitle={Workshop on Defining and Solving Realistic Perception Problems in Personal Robotics at the IEEE/RSJ Int. Conf. on Intelligent Robots and Systems (IROS)},
  volume={44},
  year={2010}
}

@article{graves2013generating,
  title={Generating sequences with recurrent neural networks},
  author={Graves, Alex},
  journal={arXiv preprint arXiv:1308.0850},
  year={2013}
}

@InProceedings{Venugopalan_2015_ICCV,
author = {Venugopalan, Subhashini and Rohrbach, Marcus and Donahue, Jeffrey and Mooney, Raymond and Darrell, Trevor and Saenko, Kate},
title = {Sequence to Sequence - Video to Text},
booktitle = {The IEEE International Conference on Computer Vision (ICCV)},
month = {December},
year = {2015}
}

@incollection{skip-thought,
title = {Skip-Thought Vectors},
author = {Kiros, Ryan and Zhu, Yukun and Salakhutdinov, Ruslan R and Zemel, Richard and Urtasun, Raquel and Torralba, Antonio and Fidler, Sanja},
booktitle = {Advances in Neural Information Processing Systems 28},
editor = {C. Cortes and N. D. Lawrence and D. D. Lee and M. Sugiyama and R. Garnett},
pages = {3294--3302},
year = {2015},
publisher = {Curran Associates, Inc.},
url = {http://papers.nips.cc/paper/5950-skip-thought-vectors.pdf}
}

@INPROCEEDINGS{Denkowski14meteoruniversal,
    author = {Michael Denkowski and Alon Lavie},
    title = {Meteor Universal: Language Specific Translation Evaluation for Any Target Language},
    booktitle = {In Proceedings of the Ninth Workshop on Statistical Machine Translation},
    year = {2014}
}

@article{hochreiter1997long,
  title={Long short-term memory},
  author={Hochreiter, Sepp and Schmidhuber, J{\"u}rgen},
  journal={Neural computation},
  volume={9},
  number={8},
  pages={1735--1780},
  year={1997},
  publisher={MIT Press}
}

@article{chen2013dynamic,
  title={A dynamic time warping based algorithm for trajectory matching in LBS},
  author={Chen, Peng and Gu, Junzhong and Zhu, Dehui and Shao, Fei}
}

@article{lowe2004distinctive,
  title={Distinctive image features from scale-invariant keypoints},
  author={Lowe, David G},
  journal={International journal of computer vision},
  volume={60},
  number={2},
  pages={91--110},
  year={2004},
  publisher={Springer}
}

@inproceedings{socher2012convolutional,
  title={Convolutional-recursive deep learning for 3d object classification},
  author={Socher, Richard and Huval, Brody and Bath, Bharath and Manning, Christopher D and Ng, Andrew Y},
  booktitle={Advances in Neural Information Processing Systems},
  pages={665--673},
  year={2012}
}

@inproceedings{mikolov2013distributed,
  title={Distributed representations of words and phrases and their compositionality},
  author={Mikolov, Tomas and Sutskever, Ilya and Chen, Kai and Corrado, Greg S and Dean, Jeff},
  booktitle={Advances in neural information processing systems},
  pages={3111--3119},
  year={2013}
}

@inproceedings{pennington2014glove,
  author = {Jeffrey Pennington and Richard Socher and Christopher D. Manning},
  booktitle = {Empirical Methods in Natural Language Processing (EMNLP)},
  title = {GloVe: Global Vectors for Word Representation},
  year = {2014},
  pages = {1532--1543},
  url = {http://www.aclweb.org/anthology/D14-1162},
}

@article{zaremba2014recurrent,
  title={Recurrent neural network regularization},
  author={Zaremba, Wojciech and Sutskever, Ilya and Vinyals, Oriol},
  journal={arXiv preprint arXiv:1409.2329},
  year={2014}
}

@inproceedings{wang2016trust,
  title={Trust calibration within a human-robot team: Comparing automatically generated explanations},
  author={Wang, Ning and Pynadath, David V and Hill, Susan G},
  booktitle={2016 11th ACM/IEEE International Conference on Human-Robot Interaction (HRI)},
  pages={109--116},
  year={2016},
  organization={IEEE}
}

@article{rawalevolving,
  title={Evolving Deep LSTM-based Memory networks using an Information Maximization Objective},
  author={Rawal, Aditya and Miikkulainen, Risto}
}

@inproceedings{maclaurin2015gradient,
  title={Gradient-based hyperparameter optimization through reversible learning},
  author={Maclaurin, Dougal and Duvenaud, David and Adams, Ryan P},
  booktitle={Proceedings of the 32nd International Conference on Machine Learning},
  year={2015}
}

@article{stanley2002evolving,
  title={Evolving neural networks through augmenting topologies},
  author={Stanley, Kenneth O and Miikkulainen, Risto},
  journal={Evolutionary computation},
  volume={10},
  number={2},
  pages={99--127},
  year={2002},
  publisher={MIT Press}
}

@inproceedings{sinapov2016learning,
  title={Learning to Order Objects Using Haptic and Proprioceptive Exploratory Behaviors},
  author={Sinapov, Jivko and Khante, Priyanka and Svetlik, Maxwell and Stone, Peter},
  booktitle={Proceedings of the 25th International Joint Conference on Artificial Intelligence (IJCAI)},
  year={2016}
}

@inproceedings{thomason20161,
  title={1. Learning Multi-Modal Grounded Linguistic Semantics by Playing" I Spy},
  author={Thomason, Jesse and Sinapov, Jivko and Svetlik, Maxwell and Stone, Peter and Mooney, Raymond J},
  booktitle={Proceedings of the Twenty-Fifth international joint conference on Artificial Intelligence (IJCAI)},
  year={2016}
}

@inproceedings{sutskever2014sequence,
  title={Sequence to sequence learning with neural networks},
  author={Sutskever, Ilya and Vinyals, Oriol and Le, Quoc V},
  booktitle={Advances in neural information processing systems},
  pages={3104--3112},
  year={2014}
}

@article{graves2013generating,
  title={Generating sequences with recurrent neural networks},
  author={Graves, Alex},
  journal={arXiv preprint arXiv:1308.0850},
  year={2013}
}

@article{bergstra2012random,
  title={Random search for hyper-parameter optimization},
  author={Bergstra, James and Bengio, Yoshua},
  journal={Journal of Machine Learning Research},
  volume={13},
  number={Feb},
  pages={281--305},
  year={2012}
}

@InProceedings{Xiao_2015_CVPR,
author = {Xiao, Tianjun and Xu, Yichong and Yang, Kuiyuan and Zhang, Jiaxing and Peng, Yuxin and Zhang, Zheng},
title = {The Application of Two-Level Attention Models in Deep Convolutional Neural Network for Fine-Grained Image Classification},
booktitle = {The IEEE Conference on Computer Vision and Pattern Recognition (CVPR)},
month = {June},
year = {2015}
}

@inproceedings{johnson1994agents,
  title={Agents that Learn to Explain Themselves.},
  author={Johnson, W Lewis},
  booktitle={AAAI},
  pages={1257--1263},
  year={1994}
}

@misc{kilgarriff2000wordnet,
  title={WordNet: An Electronic Lexical Database},
  author={Kilgarriff, Adam and Fellbaum, Christiane},
  year={2000},
  publisher={JSTOR}
}